<record><leader>00000cas a22000007a 4500</leader><controlfield tag="001">16760411</controlfield><controlfield tag="008">870926d18961901iauwr ne      0    0eng d</controlfield><datafield ind1=" " ind2=" " tag="010"><subfield code="a">sn 87057654 </subfield></datafield><datafield ind1=" " ind2=" " tag="040"><subfield code="a">INP</subfield><subfield code="b">eng</subfield><subfield code="c">INP</subfield><subfield code="d">OCLCQ</subfield></datafield><datafield ind1=" " ind2=" " tag="042"><subfield code="a">msc</subfield></datafield><datafield ind1="0" ind2=" " tag="130"><subfield code="a">Garner herald (Garner, Iowa : 1896)</subfield></datafield><datafield ind1="1" ind2="4" tag="245"><subfield code="a">The Garner herald.</subfield></datafield><datafield ind1=" " ind2=" " tag="260"><subfield code="a">Garner, Hancock County, Iowa :</subfield><subfield code="b">S.L. Sage</subfield></datafield><datafield ind1=" " ind2=" " tag="300"><subfield code="a">v.</subfield></datafield><datafield ind1=" " ind2=" " tag="310"><subfield code="a">Weekly</subfield></datafield><datafield ind1="1" ind2=" " tag="362"><subfield code="a">Issued 1896-1901.</subfield></datafield><datafield ind1=" " ind2=" " tag="588"><subfield code="a">Description based on: Vol. 5, no. 8 (Feb. 23, 1900).</subfield></datafield><datafield ind1=" " ind2=" " tag="752"><subfield code="a">United States</subfield><subfield code="b">Iowa</subfield><subfield code="c">Hancock</subfield><subfield code="d">Garner.</subfield></datafield></record>